<?xml version="1.0" encoding="UTF-8"?>
<collection xmlns:xsi="http://www.w3.org/2001/XMLSchema-instance" xsi:schemaLocation="http://www.loc.gov/MARC21/slim http://www.loc.gov/standards/marcxml/schema/MARC21slim.xsd" xmlns="http://www.loc.gov/MARC21/slim">
<record>
  <leader>01065cam a2200301   4500</leader>
  <controlfield tag="001">3073246</controlfield>
  <controlfield tag="003">NNC</controlfield>
  <controlfield tag="005">20140126215235.0</controlfield>
  <controlfield tag="008">890227s1942    ua            000 1 arard</controlfield>
  <datafield tag="035" ind1=" " ind2=" ">
    <subfield code="a">(OCoLC)18249862</subfield>
  </datafield>
  <datafield tag="035" ind1=" " ind2=" ">
    <subfield code="a">(OCoLC)ocm18249862</subfield>
  </datafield>
  <datafield tag="035" ind1=" " ind2=" ">
    <subfield code="9">ATP6331CU</subfield>
  </datafield>
  <datafield tag="035" ind1=" " ind2=" ">
    <subfield code="a">(NNC)3073246</subfield>
  </datafield>
  <datafield tag="040" ind1=" " ind2=" ">
    <subfield code="a">OU</subfield>
    <subfield code="c">OU</subfield>
    <subfield code="d">UkMaJRU</subfield>
  </datafield>
  <datafield tag="066" ind1=" " ind2=" ">
    <subfield code="c">(3</subfield>
  </datafield>
  <datafield tag="100" ind1="1" ind2=" ">
    <subfield code="6">880-01</subfield>
    <subfield code="a">Taymūr, Maḥmūd,</subfield>
    <subfield code="d">1894-1973.</subfield>
  </datafield>
  <datafield tag="245" ind1="1" ind2="3">
    <subfield code="6">880-02</subfield>
    <subfield code="a">al-Munqidhah!</subfield>
    <subfield code="b">wa-Ḥaflat shāy /</subfield>
    <subfield code="c">Maḥmūd Taymūr.</subfield>
  </datafield>
  <datafield tag="260" ind1=" " ind2=" ">
    <subfield code="6">880-03</subfield>
    <subfield code="a">Miṣr :</subfield>
    <subfield code="b">Dār al-Kutub al-Ahlīyah,</subfield>
    <subfield code="c">1942.</subfield>
  </datafield>
  <datafield tag="300" ind1=" " ind2=" ">
    <subfield code="a">151 p. ;</subfield>
    <subfield code="c">20 cm.</subfield>
  </datafield>
  <datafield tag="500" ind1=" " ind2=" ">
    <subfield code="a">Two one-act plays.</subfield>
  </datafield>
  <datafield tag="700" ind1="1" ind2=" ">
    <subfield code="6">880-04</subfield>
    <subfield code="a">Taymūr, Maḥmūd,</subfield>
    <subfield code="d">1894-1973.</subfield>
    <subfield code="t">Hạflat shāy.</subfield>
  </datafield>
  <datafield tag="740" ind1="0" ind2=" ">
    <subfield code="a">Ḥaflat shay.</subfield>
  </datafield>
  <datafield tag="880" ind1="1" ind2=" ">
    <subfield code="6">100-01/(3/r</subfield>
    <subfield code="a">تيمور، محمود,</subfield>
    <subfield code="d">1894-1973.</subfield>
  </datafield>
  <datafield tag="880" ind1="1" ind2="2">
    <subfield code="6">245-02/(3/r</subfield>
    <subfield code="a">المنقذة :</subfield>
    <subfield code="b">و حفلة شاي /</subfield>
    <subfield code="c">محمود تيمور.</subfield>
  </datafield>
  <datafield tag="880" ind1=" " ind2=" ">
    <subfield code="6">260-03/(3/r</subfield>
    <subfield code="a">مصر :</subfield>
    <subfield code="b">دار الكتب الٱهلية،</subfield>
    <subfield code="c">١٩٤٢.</subfield>
  </datafield>
  <datafield tag="880" ind1="1" ind2=" ">
    <subfield code="6">700-04/(3/r</subfield>
    <subfield code="a">تيمور، محمود,</subfield>
    <subfield code="d">1894-1973.</subfield>
  </datafield>
  <datafield tag="955" ind1=" " ind2=" ">
    <subfield code="b">CU58880810</subfield>
    <subfield code="d">off,glx</subfield>
    <subfield code="e">893.7T136 T3</subfield>
  </datafield>
</record>
</collection>